@preamble{ " \newcommand{\noop}[1]{} " } % a do-nothing command that serves a purpose

@ARTICLE{Adibekyan2012,
   author = {{Adibekyan}, V.~Z. and {Sousa}, S.~G. and {Santos}, N.~C. and 
	{Delgado Mena}, E. and {Gonz{\'a}lez Hern{\'a}ndez}, J.~I. and 
	{Israelian}, G. and {Mayor}, M. and {Khachatryan}, G.},
    title = "{Chemical abundances of 1111 FGK stars from the HARPS GTO planet search program. Galactic stellar populations and planets}",
  journal = {\aap},
archivePrefix = "arXiv",
   eprint = {1207.2388},
 primaryClass = "astro-ph.EP",
 keywords = {stars: abundances, planetary systems, stars: fundamental parameters, Galaxy: disk, solar neighborhood, stars: kinematics and dynamics},
     year = 2012,
    month = sep,
   volume = 545,
      eid = {A32},
    pages = {A32},
      doi = {10.1051/0004-6361/201219401},
   adsurl = {http://adsabs.harvard.edu/abs/2012A%26A...545A..32A},
  adsnote = {Provided by the SAO/NASA Astrophysics Data System}
}
@ARTICLE{Adibekyan2012b,
   author = {{Adibekyan}, V.~Z. and {Delgado Mena}, E. and {Sousa}, S.~G. and 
	{Santos}, N.~C. and {Israelian}, G. and {Gonz{\'a}lez Hern{\'a}ndez}, J.~I. and 
	{Mayor}, M. and {Hakobyan}, A.~A.},
    title = "{Exploring the {$\alpha$}-enhancement of metal-poor planet-hosting stars. The Kepler and HARPS samples}",
  journal = {\aap},
archivePrefix = "arXiv",
   eprint = {1209.6272},
 primaryClass = "astro-ph.EP",
 keywords = {stars: abundances, planetary systems},
     year = 2012,
    month = nov,
   volume = 547,
      eid = {A36},
    pages = {A36},
      doi = {10.1051/0004-6361/201220167},
   adsurl = {http://adsabs.harvard.edu/abs/2012A%26A...547A..36A},
  adsnote = {Provided by the SAO/NASA Astrophysics Data System}
}
@ARTICLE{Adibekyan2016,
   author = {{Adibekyan}, V. and {Delgado-Mena}, E. and {Figueira}, P. and 
	{Sousa}, S.~G. and {Santos}, N.~C. and {Faria}, J.~P. and {Gonzalez Hernandez}, J.~I. and 
	{Israelian}, G. and {Harutyunyan}, G. and {Suarez-Andres}, L. and 
	{Hakobyan}, A.~A.},
    title = "{$\zeta^2$ Ret, its debris disk, and its lonely stellar companion $\zeta^1$ Ret. Different $T\_{\mathrm{c}}$ trends for different spectra}",
  journal = {ArXiv e-prints},
archivePrefix = "arXiv",
   eprint = {1605.01918},
 primaryClass = "astro-ph.SR",
 keywords = {Astrophysics - Solar and Stellar Astrophysics, Astrophysics - Earth and Planetary Astrophysics},
     year = 2016,
    month = may,
   adsurl = {http://adsabs.harvard.edu/abs/2016arXiv160501918A},
  adsnote = {Provided by the SAO/NASA Astrophysics Data System}
}
@ARTICLE{Bedell2014,
   author = {{Bedell}, M. and {Mel{\'e}ndez}, J. and {Bean}, J.~L. and {Ram{\'{\i}}rez}, I. and 
	{Leite}, P. and {Asplund}, M.},
    title = "{Stellar Chemical Abundances: In Pursuit of the Highest Achievable Precision}",
  journal = {\apj},
archivePrefix = "arXiv",
   eprint = {1409.1230},
 primaryClass = "astro-ph.SR",
 keywords = {stars: abundances, stars: fundamental parameters, techniques: spectroscopic },
     year = 2014,
    month = nov,
   volume = 795,
      eid = {23},
    pages = {23},
      doi = {10.1088/0004-637X/795/1/23},
   adsurl = {http://adsabs.harvard.edu/abs/2014ApJ...795...23B},
  adsnote = {Provided by the SAO/NASA Astrophysics Data System}
}
@ARTICLE{Bensby2004,
   author = {{Bensby}, T. and {Feltzing}, S. and {Lundstr{\"o}m}, I.},
    title = "{Oxygen trends in the Galactic thin and thick disks}",
  journal = {\aap},
   eprint = {astro-ph/0310741},
 keywords = {stars: fundamental parameters, stars: abundances, galaxy: disk, galaxy: formation, galaxy: abundances, galaxy: kinematics and dynamics},
     year = 2004,
    month = feb,
   volume = 415,
    pages = {155-170},
      doi = {10.1051/0004-6361:20031655},
   adsurl = {http://adsabs.harvard.edu/abs/2004A%26A...415..155B},
  adsnote = {Provided by the SAO/NASA Astrophysics Data System}
}
@ARTICLE{Bensby2014,
   author = {{Bensby}, T. and {Feltzing}, S. and {Oey}, M.~S.},
    title = "{Exploring the Milky Way stellar disk. A detailed elemental abundance study of 714 F and G dwarf stars in the solar neighbourhood}",
  journal = {\aap},
archivePrefix = "arXiv",
   eprint = {1309.2631},
 primaryClass = "astro-ph.GA",
 keywords = {Galaxy: disk, Galaxy: formation, Galaxy: evolution, stars: abundances, stars: fundamental parameters, stars: kinematics and dynamics},
     year = 2014,
    month = feb,
   volume = 562,
      eid = {A71},
    pages = {A71},
      doi = {10.1051/0004-6361/201322631},
   adsurl = {http://adsabs.harvard.edu/abs/2014A%26A...562A..71B},
  adsnote = {Provided by the SAO/NASA Astrophysics Data System}
}
@ARTICLE{Bodenheimer2014,
   author = {{Bodenheimer}, P. and {Lissauer}, J.~J.},
    title = "{Accretion and Evolution of \~{}2.5 M $_{&oplus;}$ Planets with Voluminous H/He Envelopes}",
  journal = {\apj},
archivePrefix = "arXiv",
   eprint = {1407.1433},
 primaryClass = "astro-ph.EP",
 keywords = {planets and satellites: formation, planets and satellites: individual: Kepler-11 f, planets and satellites: physical evolution},
     year = 2014,
    month = aug,
   volume = 791,
      eid = {103},
    pages = {103},
      doi = {10.1088/0004-637X/791/2/103},
   adsurl = {http://adsabs.harvard.edu/abs/2014ApJ...791..103B},
  adsnote = {Provided by the SAO/NASA Astrophysics Data System}
}
@ARTICLE{Boley2014,
   author = {{Boley}, A.~C. and {Morris}, M.~A. and {Ford}, E.~B.},
    title = "{Overcoming the Meter Barrier and the Formation of Systems with Tightly Packed Inner Planets (STIPs)}",
  journal = {\apjl},
archivePrefix = "arXiv",
   eprint = {1407.6707},
 primaryClass = "astro-ph.EP",
 keywords = {minor planets, asteroids: general, planets and satellites: formation, protoplanetary disks },
     year = 2014,
    month = sep,
   volume = 792,
      eid = {L27},
    pages = {L27},
      doi = {10.1088/2041-8205/792/2/L27},
   adsurl = {http://adsabs.harvard.edu/abs/2014ApJ...792L..27B},
  adsnote = {Provided by the SAO/NASA Astrophysics Data System}
}
@ARTICLE{Campante2014,
   author = {{Campante}, T.~L. and {Chaplin}, W.~J. and {Lund}, M.~N. and 
	{Huber}, D. and {Hekker}, S. and {Garc{\'{\i}}a}, R.~A. and 
	{Corsaro}, E. and {Handberg}, R. and {Miglio}, A. and {Arentoft}, T. and 
	{Basu}, S. and {Bedding}, T.~R. and {Christensen-Dalsgaard}, J. and 
	{Davies}, G.~R. and {Elsworth}, Y.~P. and {Gilliland}, R.~L. and 
	{Karoff}, C. and {Kawaler}, S.~D. and {Kjeldsen}, H. and {Lundkvist}, M. and 
	{Metcalfe}, T.~S. and {Silva Aguirre}, V. and {Stello}, D.},
    title = "{Limits on Surface Gravities of Kepler Planet-candidate Host Stars from Non-detection of Solar-like Oscillations}",
  journal = {\apj},
archivePrefix = "arXiv",
   eprint = {1401.6324},
 primaryClass = "astro-ph.SR",
 keywords = {methods: statistical, planetary systems, stars: late-type, stars: oscillations, techniques: photometric},
     year = 2014,
    month = mar,
   volume = 783,
      eid = {123},
    pages = {123},
      doi = {10.1088/0004-637X/783/2/123},
   adsurl = {http://adsabs.harvard.edu/abs/2014ApJ...783..123C},
  adsnote = {Provided by the SAO/NASA Astrophysics Data System}
}
@ARTICLE{Carlos2016,
   author = {{Carlos}, M. and {Nissen}, P.~E. and {Mel{\'e}ndez}, J.},
    title = "{Correlation between lithium abundances and ages of solar twin stars}",
  journal = {\aap},
archivePrefix = "arXiv",
   eprint = {1601.05054},
 primaryClass = "astro-ph.SR",
 keywords = {stars: abundances, stars: evolution, planetary systems},
     year = 2016,
    month = mar,
   volume = 587,
      eid = {A100},
    pages = {A100},
      doi = {10.1051/0004-6361/201527478},
   adsurl = {http://adsabs.harvard.edu/abs/2016A%26A...587A.100C},
  adsnote = {Provided by the SAO/NASA Astrophysics Data System}
}
@ARTICLE{Chambers2010,
   author = {{Chambers}, J.~E.},
    title = "{Stellar Elemental Abundance Patterns: Implications for Planet Formation}",
  journal = {\apj},
 keywords = {planets and satellites: formation, protoplanetary disks, stars: abundances, Sun: abundances},
     year = 2010,
    month = nov,
   volume = 724,
    pages = {92-97},
      doi = {10.1088/0004-637X/724/1/92},
   adsurl = {http://adsabs.harvard.edu/abs/2010ApJ...724...92C},
  adsnote = {Provided by the SAO/NASA Astrophysics Data System}
}
@ARTICLE{Chiang2013,
   author = {{Chiang}, E. and {Laughlin}, G.},
    title = "{The minimum-mass extrasolar nebula: in situ formation of close-in super-Earths}",
  journal = {\mnras},
archivePrefix = "arXiv",
   eprint = {1211.1673},
 primaryClass = "astro-ph.EP",
 keywords = {planets and satellites: atmospheres, planets and satellites: composition, planets and satellites: formation, planets and satellites: general, protoplanetary discs},
     year = 2013,
    month = jun,
   volume = 431,
    pages = {3444-3455},
      doi = {10.1093/mnras/stt424},
   adsurl = {http://adsabs.harvard.edu/abs/2013MNRAS.431.3444C},
  adsnote = {Provided by the SAO/NASA Astrophysics Data System}
}
@ARTICLE{dosSantos2016,
   author = {{dos Santos}, L.~A. and {Mel{\'e}ndez}, J. and {do Nascimento}, J.-D. and 
	{Bedell}, M. and {Ram{\'{\i}}rez}, I. and {Bean}, J.~L. and 
	{Asplund}, M. and {Spina}, L. and {Dreizler}, S. and {Alves-Brito}, A. and 
	{Casagrande}, L.},
    title = "{The Solar Twin Planet Search. IV. The Sun as a typical rotator and evidence for a new rotational braking law for Sun-like stars}",
  journal = {\aap},
archivePrefix = "arXiv",
   eprint = {1606.06214},
 primaryClass = "astro-ph.SR",
 keywords = {Sun: rotation, stars: solar-type, stars: rotation, stars: fundamental parameters},
     year = 2016,
    month = aug,
   volume = 592,
      eid = {A156},
    pages = {A156},
      doi = {10.1051/0004-6361/201628558},
   adsurl = {http://adsabs.harvard.edu/abs/2016A%26A...592A.156D},
  adsnote = {Provided by the SAO/NASA Astrophysics Data System}
}
@ARTICLE{Duncan1981,
   author = {{Duncan}, D.~K.},
    title = "{Lithium abundances, K line emission and ages of nearby solar type stars}",
  journal = {\apj},
 keywords = {Abundance, K Lines, Lithium, Metallic Stars, Stellar Evolution, Stellar Spectra, Calcium, Emission Spectra, Hertzsprung-Russell Diagram, Pleiades Cluster, Stellar Atmospheres, Stellar Gravitation, Sun},
     year = 1981,
    month = sep,
   volume = 248,
    pages = {651-669},
      doi = {10.1086/159190},
   adsurl = {http://adsabs.harvard.edu/abs/1981ApJ...248..651D},
  adsnote = {Provided by the SAO/NASA Astrophysics Data System}
}
@article{Epstein2010,
annote = {Ivan cited this for formal error estimation method of stellar parameters},
author = {Epstein, Courtney R. and Johnson, Jennifer a. and Dong, Subo and Udalski, Andrzej and Gould, Andrew and Becker, George},
doi = {10.1088/0004-637X/709/1/447},
file = {:Users/mbedell/Dropbox/Papers/2010 - Epstein et al.pdf:pdf},
issn = {0004-637X},
journal = {The Astrophysical Journal},
keywords = {abundances,bulge,evolution,fe ratio until it,galaxy,gravitational lensing,iron contribution dilutes the,machine-readable table,micro,online-only material,reaches solar levels,since bulge giants maintain,sncc-enhanced $\alpha$,stars,tinsley 1979},
month = jan,
number = {1},
pages = {447--457},
title = {{CHEMICAL COMPOSITION OF FAINT ( I ∼ 21 mag) MICROLENSED BULGE DWARF OGLE-2007-BLG-514S}},
url = {http://stacks.iop.org/0004-637X/709/i=1/a=447?key=crossref.0d2d6eec39f8b5d8af47c4d0b1640dff},
volume = {709},
year = {2010}
}
@ARTICLE{Freitas2016,
   author = {{Freitas}, F.~C. and {Mel{\'e}ndez}, J. and {Bedell}, M. and {Ram{\'{\i}}rez}, I. and 
	{Bean}, J.~L. and {Asplund}, M. and {Spina}, L. and {Dreizler}, S. and {Alves-Brito}, A. and
	{Casagrande}, L.},
    title = "{The Solar Twin Planet Search VI. The age - chromospheric activity relation}",
  journal = {\aap\ submitted},
 keywords = {stars: activity, Sun: activity},
     year = 2016
}
@ARTICLE{Gaidos2015,
   author = {{Gaidos}, E.},
    title = "{What Are Little Worlds Made Of? Stellar Abundances and the Building Blocks of Planets}",
  journal = {\apj},
archivePrefix = "arXiv",
   eprint = {1502.06991},
 primaryClass = "astro-ph.EP",
 keywords = {techniques: spectroscopic, planets and satellites: formation, planets and satellites: gaseous planets, stars: abundances},
     year = 2015,
    month = may,
   volume = 804,
      eid = {40},
    pages = {40},
      doi = {10.1088/0004-637X/804/1/40},
   adsurl = {http://adsabs.harvard.edu/abs/2015ApJ...804...40G},
  adsnote = {Provided by the SAO/NASA Astrophysics Data System}
}
@ARTICLE{Hall2009,
   author = {{Hall}, J.~C. and {Henry}, G.~W. and {Lockwood}, G.~W. and {Skiff}, B.~A. and 
	{Saar}, S.~H.},
    title = "{The Activity and Variability of the Sun and Sun-Like Stars. II. Contemporaneous Photometry and Spectroscopy of Bright Solar Analogs}",
  journal = {\aj},
 keywords = {stars: activity, Sun: activity},
     year = 2009,
    month = jul,
   volume = 138,
    pages = {312-322},
      doi = {10.1088/0004-6256/138/1/312},
   adsurl = {http://adsabs.harvard.edu/abs/2009AJ....138..312H},
  adsnote = {Provided by the SAO/NASA Astrophysics Data System}
}
@ARTICLE{Hands2014,
   author = {{Hands}, T.~O. and {Alexander}, R.~D. and {Dehnen}, W.},
    title = "{Understanding the assembly of Kepler's compact planetary systems}",
  journal = {\mnras},
archivePrefix = "arXiv",
   eprint = {1409.0532},
 primaryClass = "astro-ph.EP",
 keywords = {methods: numerical, planets and satellites: dynamical evolution and stability, planets and satellites: formation, planets and satellites: individual: Kepler-11, planets and satellites: individual: Kepler-32, planets and satellites: individual: Kepler-80},
     year = 2014,
    month = nov,
   volume = 445,
    pages = {749-760},
      doi = {10.1093/mnras/stu1751},
   adsurl = {http://adsabs.harvard.edu/abs/2014MNRAS.445..749H},
  adsnote = {Provided by the SAO/NASA Astrophysics Data System}
}
@ARTICLE{Hinkel2016,
   author = {{Hinkel}, N.~R. and {Young}, P.~A. and {Pagano}, M.~D. and {Desch}, S.~J. and 
	{Anbar}, A.~D. and {Adibekyan}, V. and {Blanco-Cuaresma}, S. and 
	{Carlberg}, J.~K. and {Delgado Mena}, E. and {Liu}, F. and {Nordlander}, T. and 
	{Sousa}, S.~G. and {Korn}, A. and {Gruyters}, P. and {Heiter}, U. and 
	{Jofr{\'e}}, P. and {Santos}, N.~C. and {Soubiran}, C.},
    title = "{A Comparison of Stellar Elemental Abundance Techniques and Measurements}",
  journal = {\apjs},
archivePrefix = "arXiv",
   eprint = {1607.03130},
 primaryClass = "astro-ph.SR",
 keywords = {stars: abundances, stars: individual: HD 361, HD 10700, HD 121504, HD 202206, techniques: spectroscopic },
     year = 2016,
    month = sep,
   volume = 226,
      eid = {4},
    pages = {4},
      doi = {10.3847/0067-0049/226/1/4},
   adsurl = {http://adsabs.harvard.edu/abs/2016ApJS..226....4H},
  adsnote = {Provided by the SAO/NASA Astrophysics Data System}
}
@ARTICLE{Howe2015,
   author = {{Howe}, A.~R. and {Burrows}, A.},
    title = "{Evolutionary Models of Super-Earths and Mini-Neptunes Incorporating Cooling and Mass Loss}",
  journal = {\apj},
archivePrefix = "arXiv",
   eprint = {1505.02784},
 primaryClass = "astro-ph.EP",
 keywords = {planetary systems, planets and satellites: atmospheres, planets and satellites: composition, planets and satellites: interiors, planets and satellites: physical evolution},
     year = 2015,
    month = aug,
   volume = 808,
      eid = {150},
    pages = {150},
      doi = {10.1088/0004-637X/808/2/150},
   adsurl = {http://adsabs.harvard.edu/abs/2015ApJ...808..150H},
  adsnote = {Provided by the SAO/NASA Astrophysics Data System}
}
@ARTICLE{Ikoma2012,
   author = {{Ikoma}, M. and {Hori}, Y.},
    title = "{In Situ Accretion of Hydrogen-rich Atmospheres on Short-period Super-Earths: Implications for the Kepler-11 Planets}",
  journal = {\apj},
archivePrefix = "arXiv",
   eprint = {1204.5302},
 primaryClass = "astro-ph.EP",
 keywords = {planets and satellites: formation },
     year = 2012,
    month = jul,
   volume = 753,
      eid = {66},
    pages = {66},
      doi = {10.1088/0004-637X/753/1/66},
   adsurl = {http://adsabs.harvard.edu/abs/2012ApJ...753...66I},
  adsnote = {Provided by the SAO/NASA Astrophysics Data System}
}
@ARTICLE{Kipping2014,
   author = {{Kipping}, D.~M.},
    title = "{Characterizing distant worlds with asterodensity profiling}",
  journal = {\mnras},
archivePrefix = "arXiv",
   eprint = {1311.1170},
 primaryClass = "astro-ph.EP",
 keywords = {asteroseismology, methods: analytical, techniques: photometric, eclipses, planets and satellites: fundamental parameters},
     year = 2014,
    month = may,
   volume = 440,
    pages = {2164-2184},
      doi = {10.1093/mnras/stu318},
   adsurl = {http://adsabs.harvard.edu/abs/2014MNRAS.440.2164K},
  adsnote = {Provided by the SAO/NASA Astrophysics Data System}
}
@ARTICLE{Kislyakova2014,
   author = {{Kislyakova}, K.~G. and {Johnstone}, C.~P. and {Odert}, P. and 
	{Erkaev}, N.~V. and {Lammer}, H. and {L{\"u}ftinger}, T. and 
	{Holmstr{\"o}m}, M. and {Khodachenko}, M.~L. and {G{\"u}del}, M.
	},
    title = "{Stellar wind interaction and pick-up ion escape of the Kepler-11 ''super-Earths''}",
  journal = {\aap},
archivePrefix = "arXiv",
   eprint = {1312.4721},
 primaryClass = "astro-ph.EP",
 keywords = {planet-star interactions, planets and satellites: atmospheres, planets and satellites: individual: Kepler-11 system, methods: numerical},
     year = 2014,
    month = feb,
   volume = 562,
      eid = {A116},
    pages = {A116},
      doi = {10.1051/0004-6361/201322933},
   adsurl = {http://adsabs.harvard.edu/abs/2014A%26A...562A.116K},
  adsnote = {Provided by the SAO/NASA Astrophysics Data System}
}
@ARTICLE{Lee2014,
   author = {{Lee}, E.~J. and {Chiang}, E. and {Ormel}, C.~W.},
    title = "{Make Super-Earths, Not Jupiters: Accreting Nebular Gas onto Solid Cores at 0.1 AU and Beyond}",
  journal = {\apj},
archivePrefix = "arXiv",
   eprint = {1409.3578},
 primaryClass = "astro-ph.EP",
 keywords = {instabilities, planet-disk interactions, planets and satellites: atmospheres, planets and satellites: formation, protoplanetary disks},
     year = 2014,
    month = dec,
   volume = 797,
      eid = {95},
    pages = {95},
      doi = {10.1088/0004-637X/797/2/95},
   adsurl = {http://adsabs.harvard.edu/abs/2014ApJ...797...95L},
  adsnote = {Provided by the SAO/NASA Astrophysics Data System}
}
@ARTICLE{Lind2009,
   author = {{Lind}, K. and {Asplund}, M. and {Barklem}, P.~S.},
    title = "{Departures from LTE for neutral Li in late-type stars}",
  journal = {\aap},
archivePrefix = "arXiv",
   eprint = {0906.0899},
 primaryClass = "astro-ph.SR",
 keywords = {stars: abundances, stars: late-type, line: formation},
     year = 2009,
    month = aug,
   volume = 503,
    pages = {541-544},
      doi = {10.1051/0004-6361/200912221},
   adsurl = {http://adsabs.harvard.edu/abs/2009A%26A...503..541L},
  adsnote = {Provided by the SAO/NASA Astrophysics Data System}
}
@ARTICLE{Lissauer2011,
   author = {{Lissauer}, J.~J. and {Fabrycky}, D.~C. and {Ford}, E.~B. and 
	{Borucki}, W.~J. and {Fressin}, F. and {Marcy}, G.~W. and {Orosz}, J.~A. and 
	{Rowe}, J.~F. and {Torres}, G. and {Welsh}, W.~F. and {Batalha}, N.~M. and 
	{Bryson}, S.~T. and {Buchhave}, L.~A. and {Caldwell}, D.~A. and 
	{Carter}, J.~A. and {Charbonneau}, D. and {Christiansen}, J.~L. and 
	{Cochran}, W.~D. and {Desert}, J.-M. and {Dunham}, E.~W. and 
	{Fanelli}, M.~N. and {Fortney}, J.~J. and {Gautier}, III, T.~N. and 
	{Geary}, J.~C. and {Gilliland}, R.~L. and {Haas}, M.~R. and 
	{Hall}, J.~R. and {Holman}, M.~J. and {Koch}, D.~G. and {Latham}, D.~W. and 
	{Lopez}, E. and {McCauliff}, S. and {Miller}, N. and {Morehead}, R.~C. and 
	{Quintana}, E.~V. and {Ragozzine}, D. and {Sasselov}, D. and 
	{Short}, D.~R. and {Steffen}, J.~H.},
    title = "{A closely packed system of low-mass, low-density planets transiting Kepler-11}",
  journal = {\nat},
archivePrefix = "arXiv",
   eprint = {1102.0291},
 primaryClass = "astro-ph.EP",
     year = 2011,
    month = feb,
   volume = 470,
    pages = {53-58},
      doi = {10.1038/nature09760},
   adsurl = {http://adsabs.harvard.edu/abs/2011Natur.470...53L},
  adsnote = {Provided by the SAO/NASA Astrophysics Data System}
}
@ARTICLE{Lissauer2013,
   author = {{Lissauer}, J.~J. and {Jontof-Hutter}, D. and {Rowe}, J.~F. and 
	{Fabrycky}, D.~C. and {Lopez}, E.~D. and {Agol}, E. and {Marcy}, G.~W. and 
	{Deck}, K.~M. and {Fischer}, D.~A. and {Fortney}, J.~J. and 
	{Howell}, S.~B. and {Isaacson}, H. and {Jenkins}, J.~M. and 
	{Kolbl}, R. and {Sasselov}, D. and {Short}, D.~R. and {Welsh}, W.~F.
	},
    title = "{All Six Planets Known to Orbit Kepler-11 Have Low Densities}",
  journal = {\apj},
archivePrefix = "arXiv",
   eprint = {1303.0227},
 primaryClass = "astro-ph.EP",
 keywords = {celestial mechanics, ephemerides, planets and satellites: composition, planets and satellites: dynamical evolution and stability, planets and satellites: fundamental parameters },
     year = 2013,
    month = jun,
   volume = 770,
      eid = {131},
    pages = {131},
      doi = {10.1088/0004-637X/770/2/131},
   adsurl = {http://adsabs.harvard.edu/abs/2013ApJ...770..131L},
  adsnote = {Provided by the SAO/NASA Astrophysics Data System}
}
@ARTICLE{Liu2016,
   author = {{Liu}, F. and {Yong}, D. and {Asplund}, M. and {Ram{\'{\i}}rez}, I. and 
	{Mel{\'e}ndez}, J. and {Gustafsson}, B. and {Howes}, L.~M. and 
	{Roederer}, I.~U. and {Lambert}, D.~L. and {Bensby}, T.},
    title = "{The detailed chemical composition of the terrestrial planet host Kepler-10}",
  journal = {\mnras},
archivePrefix = "arXiv",
   eprint = {1511.09287},
 primaryClass = "astro-ph.SR",
 keywords = {planets and satellites: formation, planets and satellites: terrestrial planets, stars: abundances, stars: individual: Kepler-10},
     year = 2016,
    month = mar,
   volume = 456,
    pages = {2636-2646},
      doi = {10.1093/mnras/stv2821},
   adsurl = {http://adsabs.harvard.edu/abs/2016MNRAS.456.2636L},
  adsnote = {Provided by the SAO/NASA Astrophysics Data System}
}
@article{Lodders2003,
   author = {{Lodders}, K.},
    title = "{Solar System Abundances and Condensation Temperatures of the Elements}",
  journal = {\apj},
 keywords = {Astrochemistry, Meteors, Meteoroids, Solar System: Formation- Sun: Abundances, Sun: Photosphere},
     year = 2003,
    month = jul,
   volume = 591,
    pages = {1220-1247},
      doi = {10.1086/375492},
   adsurl = {http://adsabs.harvard.edu/abs/2003ApJ...591.1220L},
  adsnote = {Provided by the SAO/NASA Astrophysics Data System}
}
@ARTICLE{Lopez2012,
   author = {{Lopez}, E.~D. and {Fortney}, J.~J. and {Miller}, N.},
    title = "{How Thermal Evolution and Mass-loss Sculpt Populations of Super-Earths and Sub-Neptunes: Application to the Kepler-11 System and Beyond}",
  journal = {\apj},
archivePrefix = "arXiv",
   eprint = {1205.0010},
 primaryClass = "astro-ph.EP",
 keywords = {planetary systems, planets and satellites: composition, planets and satellites: formation, planets and satellites: interiors, planets and satellites: physical evolution, stars: individual: Kepler-11 },
     year = 2012,
    month = dec,
   volume = 761,
      eid = {59},
    pages = {59},
      doi = {10.1088/0004-637X/761/1/59},
   adsurl = {http://adsabs.harvard.edu/abs/2012ApJ...761...59L},
  adsnote = {Provided by the SAO/NASA Astrophysics Data System}
}
@ARTICLE{Mahajan2014,
   author = {{Mahajan}, N. and {Wu}, Y.},
    title = "{Stability of the Kepler-11 System and Its Origin}",
  journal = {\apj},
archivePrefix = "arXiv",
   eprint = {1409.0011},
 primaryClass = "astro-ph.EP",
 keywords = {planetary systems, planets and satellites: dynamical evolution and stability, planets and satellites: formation, stars: individual: Kepler-11 },
     year = 2014,
    month = nov,
   volume = 795,
      eid = {32},
    pages = {32},
      doi = {10.1088/0004-637X/795/1/32},
   adsurl = {http://adsabs.harvard.edu/abs/2014ApJ...795...32M},
  adsnote = {Provided by the SAO/NASA Astrophysics Data System}
}
@ARTICLE{Melendez2009,
   author = {{Mel{\'e}ndez}, J. and {Asplund}, M. and {Gustafsson}, B. and 
	{Yong}, D.},
    title = "{The Peculiar Solar Composition and Its Possible Relation to Planet Formation}",
  journal = {\apjl},
archivePrefix = "arXiv",
   eprint = {0909.2299},
 primaryClass = "astro-ph.SR",
 keywords = {planetary systems, solar system: formation, stars: abundances, Sun: abundances},
     year = 2009,
    month = oct,
   volume = 704,
    pages = {L66-L70},
      doi = {10.1088/0004-637X/704/1/L66},
   adsurl = {http://adsabs.harvard.edu/abs/2009ApJ...704L..66M},
  adsnote = {Provided by the SAO/NASA Astrophysics Data System}
}
@ARTICLE{Melendez2012,
   author = {{Mel{\'e}ndez}, J. and {Bergemann}, M. and {Cohen}, J.~G. and 
	{Endl}, M. and {Karakas}, A.~I. and {Ram{\'{\i}}rez}, I. and 
	{Cochran}, W.~D. and {Yong}, D. and {MacQueen}, P.~J. and {Kobayashi}, C. and 
	{Asplund}, M.},
    title = "{The remarkable solar twin HIP 56948: a prime target in the quest for other Earths}",
  journal = {\aap},
archivePrefix = "arXiv",
   eprint = {1204.2766},
 primaryClass = "astro-ph.SR",
 keywords = {Sun: abundances, stars: abundances, stars: fundamental parameters, Earth, meteorites, meteors, meteoroids, planet-star interactions},
     year = 2012,
    month = jul,
   volume = 543,
      eid = {A29},
    pages = {A29},
      doi = {10.1051/0004-6361/201117222},
   adsurl = {http://adsabs.harvard.edu/abs/2012A%26A...543A..29M},
  adsnote = {Provided by the SAO/NASA Astrophysics Data System}
}
@ARTICLE{Meunier2010,
   author = {{Meunier}, N. and {Desort}, M. and {Lagrange}, A.-M.},
    title = "{Using the Sun to estimate Earth-like planets detection capabilities . II. Impact of plages}",
  journal = {\aap},
archivePrefix = "arXiv",
   eprint = {1001.1638},
 primaryClass = "astro-ph.EP",
 keywords = {techniques: radial velocities, starspots, planetary systems, stars: activity},
     year = 2010,
    month = mar,
   volume = 512,
      eid = {A39},
    pages = {A39},
      doi = {10.1051/0004-6361/200913551},
   adsurl = {http://adsabs.harvard.edu/abs/2010A%26A...512A..39M},
  adsnote = {Provided by the SAO/NASA Astrophysics Data System}
}
@ARTICLE{Migaszewski2012,
   author = {{Migaszewski}, C. and {S{\l}onina}, M. and {Go{\'z}dziewski}, K.
	},
    title = "{A dynamical analysis of the Kepler-11 planetary system}",
  journal = {\mnras},
archivePrefix = "arXiv",
   eprint = {1205.0822},
 primaryClass = "astro-ph.EP",
 keywords = {methods: data analysis, methods: numerical, celestial mechanics, planets and satellites: dynamical evolution and stability, stars: individual: Kepler-11},
     year = 2012,
    month = nov,
   volume = 427,
    pages = {770-789},
      doi = {10.1111/j.1365-2966.2012.21976.x},
   adsurl = {http://adsabs.harvard.edu/abs/2012MNRAS.427..770M},
  adsnote = {Provided by the SAO/NASA Astrophysics Data System}
}
@MISC{Morton2015,
   author = {{Morton}, T.~D.},
    title = "{isochrones: Stellar model grid package}",
 keywords = {Software},
howpublished = {Astrophysics Source Code Library},
     year = 2015,
    month = mar,
archivePrefix = "ascl",
   eprint = {1503.010},
   adsurl = {http://adsabs.harvard.edu/abs/2015ascl.soft03010M},
  adsnote = {Provided by the SAO/NASA Astrophysics Data System}
}
@ARTICLE{Nissen2015,
   author = {{Nissen}, P.~E.},
    title = "{High-precision abundances of elements in solar twin stars. Trends with stellar age and elemental condensation temperature}",
  journal = {\aap},
archivePrefix = "arXiv",
   eprint = {1504.07598},
 primaryClass = "astro-ph.SR",
 keywords = {stars: abundances, stars: fundamental parameters, stars: solar-type, planetary systems, Galaxy: disk, Galaxy: evolution},
     year = 2015,
    month = jul,
   volume = 579,
      eid = {A52},
    pages = {A52},
      doi = {10.1051/0004-6361/201526269},
   adsurl = {http://adsabs.harvard.edu/abs/2015A%26A...579A..52N},
  adsnote = {Provided by the SAO/NASA Astrophysics Data System}
}
@ARTICLE{Oshagh2014,
   author = {{Oshagh}, M. and {Santos}, N.~C. and {Ehrenreich}, D. and {Haghighipour}, N. and 
	{Figueira}, P. and {Santerne}, A. and {Montalto}, M.},
    title = "{Impact of occultations of stellar active regions on transmission spectra. Can occultation of a plage mimic the signature of a blue sky?}",
  journal = {\aap},
archivePrefix = "arXiv",
   eprint = {1407.2066},
 primaryClass = "astro-ph.EP",
 keywords = {planets and satellites: atmospheres, techniques: photometric, methods: data analysis, methods: numerical, stars: activity},
     year = 2014,
    month = aug,
   volume = 568,
      eid = {A99},
    pages = {A99},
      doi = {10.1051/0004-6361/201424059},
   adsurl = {http://adsabs.harvard.edu/abs/2014A%26A...568A..99O},
  adsnote = {Provided by the SAO/NASA Astrophysics Data System}
}
@ARTICLE{Radick1998,
   author = {{Radick}, R.~R. and {Lockwood}, G.~W. and {Skiff}, B.~A. and 
	{Baliunas}, S.~L.},
    title = "{Patterns of Variation among Sun-like Stars}",
  journal = {\apjs},
 keywords = {STARS: ACTIVITY, STARS: LATE-TYPE, STARS: VARIABLES: OTHER, Stars: Activity, Stars: Late-Type, Stars: Variables: Other},
     year = 1998,
    month = sep,
   volume = 118,
    pages = {239-258},
      doi = {10.1086/313135},
   adsurl = {http://adsabs.harvard.edu/abs/1998ApJS..118..239R},
  adsnote = {Provided by the SAO/NASA Astrophysics Data System}
}
@ARTICLE{Ramirez2007,
   author = {{Ram{\'{\i}}rez}, I. and {Allende Prieto}, C. and {Lambert}, D.~L.
	},
    title = "{Oxygen abundances in nearby stars. Clues to the formation and evolution of the Galactic disk}",
  journal = {\aap},
   eprint = {astro-ph/0701362},
 keywords = {stars: abundances, stars: atmospheres, stars: fundamental parameters, Galaxy: disk},
     year = 2007,
    month = apr,
   volume = 465,
    pages = {271-289},
      doi = {10.1051/0004-6361:20066619},
   adsurl = {http://adsabs.harvard.edu/abs/2007A%26A...465..271R},
  adsnote = {Provided by the SAO/NASA Astrophysics Data System}
}
@ARTICLE{Ramirez2009,
   author = {{Ram{\'{\i}}rez}, I. and {Mel{\'e}ndez}, J. and {Asplund}, M.
	},
    title = "{Accurate abundance patterns of solar twins and analogs. Does the anomalous solar chemical composition come from planet formation?}",
  journal = {\aap},
 keywords = {stars: abundances, Sun: abundances, planetary systems},
     year = 2009,
    month = dec,
   volume = 508,
    pages = {L17-L20},
      doi = {10.1051/0004-6361/200913038},
   adsurl = {http://adsabs.harvard.edu/abs/2009A%26A...508L..17R},
  adsnote = {Provided by the SAO/NASA Astrophysics Data System}
}
@ARTICLE{Ramirez2014,
   author = {{Ram{\'{\i}}rez}, I. and {Mel{\'e}ndez}, J. and {Bean}, J. and 
	{Asplund}, M. and {Bedell}, M. and {Monroe}, T. and {Casagrande}, L. and 
	{Schirbel}, L. and {Dreizler}, S. and {Teske}, J. and {Tucci Maia}, M. and 
	{Alves-Brito}, A. and {Baumann}, P.},
    title = "{The Solar Twin Planet Search. I. Fundamental parameters of the stellar sample}",
  journal = {\aap},
archivePrefix = "arXiv",
   eprint = {1408.4130},
 primaryClass = "astro-ph.SR",
 keywords = {stars: abundances, stars: fundamental parameters, planetary systems},
     year = 2014,
    month = dec,
   volume = 572,
      eid = {A48},
    pages = {A48},
      doi = {10.1051/0004-6361/201424244},
   adsurl = {http://adsabs.harvard.edu/abs/2014A%26A...572A..48R},
  adsnote = {Provided by the SAO/NASA Astrophysics Data System}
}
@ARTICLE{Reddy2006,
   author = {{Reddy}, B.~E. and {Lambert}, D.~L. and {Allende Prieto}, C.
	},
    title = "{Elemental abundance survey of the Galactic thick disc}",
  journal = {\mnras},
   eprint = {astro-ph/0512505},
 keywords = {stars: abundances, stars: kinematics, Galaxy: abundances, Galaxy: evolution},
     year = 2006,
    month = apr,
   volume = 367,
    pages = {1329-1366},
      doi = {10.1111/j.1365-2966.2006.10148.x},
   adsurl = {http://adsabs.harvard.edu/abs/2006MNRAS.367.1329R},
  adsnote = {Provided by the SAO/NASA Astrophysics Data System}
}
@ARTICLE{Rogers2011,
   author = {{Rogers}, L.~A. and {Bodenheimer}, P. and {Lissauer}, J.~J. and 
	{Seager}, S.},
    title = "{Formation and Structure of Low-density exo-Neptunes}",
  journal = {\apj},
archivePrefix = "arXiv",
   eprint = {1106.2807},
 primaryClass = "astro-ph.EP",
 keywords = {planets and satellites: formation, planets and satellites: interiors},
     year = 2011,
    month = sep,
   volume = 738,
      eid = {59},
    pages = {59},
      doi = {10.1088/0004-637X/738/1/59},
   adsurl = {http://adsabs.harvard.edu/abs/2011ApJ...738...59R},
  adsnote = {Provided by the SAO/NASA Astrophysics Data System}
}
@ARTICLE{Rowe2014,
   author = {{Rowe}, J.~F. and {Bryson}, S.~T. and {Marcy}, G.~W. and {Lissauer}, J.~J. and 
	{Jontof-Hutter}, D. and {Mullally}, F. and {Gilliland}, R.~L. and 
	{Issacson}, H. and {Ford}, E. and {Howell}, S.~B. and {Borucki}, W.~J. and 
	{Haas}, M. and {Huber}, D. and {Steffen}, J.~H. and {Thompson}, S.~E. and 
	{Quintana}, E. and {Barclay}, T. and {Still}, M. and {Fortney}, J. and 
	{Gautier}, III, T.~N. and {Hunter}, R. and {Caldwell}, D.~A. and 
	{Ciardi}, D.~R. and {Devore}, E. and {Cochran}, W. and {Jenkins}, J. and 
	{Agol}, E. and {Carter}, J.~A. and {Geary}, J.},
    title = "{Validation of Kepler's Multiple Planet Candidates. III. Light Curve Analysis and Announcement of Hundreds of New Multi-planet Systems}",
  journal = {\apj},
archivePrefix = "arXiv",
   eprint = {1402.6534},
 primaryClass = "astro-ph.EP",
 keywords = {planetary systems, planets and satellites: fundamental parameters},
     year = 2014,
    month = mar,
   volume = 784,
      eid = {45},
    pages = {45},
      doi = {10.1088/0004-637X/784/1/45},
   adsurl = {http://adsabs.harvard.edu/abs/2014ApJ...784...45R},
  adsnote = {Provided by the SAO/NASA Astrophysics Data System}
}
@article{Seager2007,
   author = {{Seager}, S. and {Kuchner}, M. and {Hier-Majumder}, C.~A. and 
	{Militzer}, B.},
    title = "{Mass-Radius Relationships for Solid Exoplanets}",
  journal = {\apj},
archivePrefix = "arXiv",
   eprint = {0707.2895},
 keywords = {Equation of State, Stars: Planetary Systems, Planets and Satellites: General},
     year = 2007,
    month = nov,
   volume = 669,
    pages = {1279-1297},
      doi = {10.1086/521346},
   adsurl = {http://adsabs.harvard.edu/abs/2007ApJ...669.1279S},
  adsnote = {Provided by the SAO/NASA Astrophysics Data System}
}
@ARTICLE{Skumanich1972,
   author = {{Skumanich}, A.},
    title = "{Time Scales for CA II Emission Decay, Rotational Braking, and Lithium Depletion}",
  journal = {\apj},
     year = 1972,
    month = feb,
   volume = 171,
    pages = {565},
      doi = {10.1086/151310},
   adsurl = {http://adsabs.harvard.edu/abs/1972ApJ...171..565S},
  adsnote = {Provided by the SAO/NASA Astrophysics Data System}
}
@PHDTHESIS{Sneden1973,
   author = {{Sneden}, C.~A.},
    title = "{Carbon and Nitrogen Abundances in Metal-Poor Stars.}",
   school = {THE UNIVERSITY OF TEXAS AT AUSTIN.},
     year = 1973,
   adsurl = {http://adsabs.harvard.edu/abs/1973PhDT.......180S},
  adsnote = {Provided by the SAO/NASA Astrophysics Data System}
}
@ARTICLE{Spina2016,
   author = {{Spina}, L. and {Mel{\'e}ndez}, J. and {Ram{\'{\i}}rez}, I.},
    title = "{Planet signatures and effect of the chemical evolution of the Galactic thin-disk stars}",
  journal = {\aap},
archivePrefix = "arXiv",
   eprint = {1511.01012},
 primaryClass = "astro-ph.SR",
 keywords = {stars: abundances, stars: fundamental parameters, stars: solar-type, planetary systems, Galaxy: disk, Galaxy: evolution},
     year = 2016,
    month = jan,
   volume = 585,
      eid = {A152},
    pages = {A152},
      doi = {10.1051/0004-6361/201527429},
   adsurl = {http://adsabs.harvard.edu/abs/2016A%26A...585A.152S},
  adsnote = {Provided by the SAO/NASA Astrophysics Data System}
}
@ARTICLE{Spina2016b,
   author = {{Spina}, L. and {Mel{\'e}ndez}, J. and {Karakas}, A.~I. and 
	{Ram{\'{\i}}rez}, I. and {Monroe}, T.~R. and {Asplund}, M. and 
	{Yong}, D.},
    title = "{Nucleosynthetic history of elements in the Galactic disk. [X/Fe]-age relations from high-precision spectroscopy}",
  journal = {\aap},
archivePrefix = "arXiv",
   eprint = {1606.04842},
 primaryClass = "astro-ph.SR",
 keywords = {stars: abundances, stars: fundamental parameters, stars: solar-type, Galaxy: abundances, Galaxy: disk, Galaxy: evolution},
     year = 2016,
    month = oct,
   volume = 593,
      eid = {A125},
    pages = {A125},
      doi = {10.1051/0004-6361/201628557},
   adsurl = {http://adsabs.harvard.edu/abs/2016A%26A...593A.125S},
  adsnote = {Provided by the SAO/NASA Astrophysics Data System}
}
@ARTICLE{Takeda2002,
   author = {{Takeda}, Y. and {Zhao}, G. and {Chen}, Y.-Q. and {Qiu}, H.-M. and 
	{Takada-Hidai}, M.},
    title = "{On the Abundance of Potassium in Metal-Poor Stars}",
  journal = {\pasj},
   eprint = {astro-ph/0110165},
 keywords = {Galaxy: evolution, line: formation, stars: abundances, stars: atmospheres, stars: late-type},
     year = 2002,
    month = apr,
   volume = 54,
    pages = {275-284},
      doi = {10.1093/pasj/54.2.275},
   adsurl = {http://adsabs.harvard.edu/abs/2002PASJ...54..275T},
  adsnote = {Provided by the SAO/NASA Astrophysics Data System}
}
@ARTICLE{Teske2015,
   author = {{Teske}, J.~K. and {Ghezzi}, L. and {Cunha}, K. and {Smith}, V.~V. and 
	{Schuler}, S.~C. and {Bergemann}, M.},
    title = "{Abundance Differences between Exoplanet Binary Host Stars XO-2N and XO-2S{\mdash}Dependence on Stellar Parameters}",
  journal = {\apjl},
archivePrefix = "arXiv",
   eprint = {1501.02167},
 primaryClass = "astro-ph.EP",
 keywords = {planets and satellites: formation, planets and satellites: individual: XO-2, stars: abundances, stars: atmospheres},
     year = 2015,
    month = mar,
   volume = 801,
      eid = {L10},
    pages = {L10},
      doi = {10.1088/2041-8205/801/1/L10},
   adsurl = {http://adsabs.harvard.edu/abs/2015ApJ...801L..10T},
  adsnote = {Provided by the SAO/NASA Astrophysics Data System}
}
@ARTICLE{TucciMaia2016,
   author = {{Tucci Maia}, M. and {Ram{\'{\i}}rez}, I. and {Mel{\'e}ndez}, J. and 
	{Bedell}, M. and {Bean}, J.~L. and {Asplund}, M.},
    title = "{The Solar Twin Planet Search. III. The [Y/Mg] clock: estimating stellar ages of solar-type stars}",
  journal = {\aap},
archivePrefix = "arXiv",
   eprint = {1604.05733},
 primaryClass = "astro-ph.SR",
 keywords = {stars: abundances, stars: evolution, Galaxy: evolution},
     year = 2016,
    month = may,
   volume = 590,
      eid = {A32},
    pages = {A32},
      doi = {10.1051/0004-6361/201527848},
   adsurl = {http://adsabs.harvard.edu/abs/2016A%26A...590A..32T},
  adsnote = {Provided by the SAO/NASA Astrophysics Data System}
}
@ARTICLE{Wang2015,
   author = {{Wang}, J. and {Fischer}, D.~A. and {Horch}, E.~P. and {Xie}, J.-W.
	},
    title = "{Influence of Stellar Multiplicity On Planet Formation. III. Adaptive Optics Imaging of Kepler Stars With Gas Giant Planets}",
  journal = {\apj},
archivePrefix = "arXiv",
   eprint = {1505.05363},
 primaryClass = "astro-ph.EP",
 keywords = {methods: observational, methods: statistical, planetary systems, planets and satellites: formation, planet{\ndash}star interactions, techniques: high angular resolution},
     year = 2015,
    month = jun,
   volume = 806,
      eid = {248},
    pages = {248},
      doi = {10.1088/0004-637X/806/2/248},
   adsurl = {http://adsabs.harvard.edu/abs/2015ApJ...806..248W},
  adsnote = {Provided by the SAO/NASA Astrophysics Data System}
}
@ARTICLE{Weiss2014,
   author = {{Weiss}, L.~M. and {Marcy}, G.~W.},
    title = "{The Mass-Radius Relation for 65 Exoplanets Smaller than 4 Earth Radii}",
  journal = {\apjl},
archivePrefix = "arXiv",
   eprint = {1312.0936},
 primaryClass = "astro-ph.EP",
 keywords = {planets and satellites: composition, planets and satellites: fundamental parameters, planets and satellites: gaseous planets, planets and satellites: general, planets and satellites: terrestrial planets},
     year = 2014,
    month = mar,
   volume = 783,
      eid = {L6},
    pages = {L6},
      doi = {10.1088/2041-8205/783/1/L6},
   adsurl = {http://adsabs.harvard.edu/abs/2014ApJ...783L...6W},
  adsnote = {Provided by the SAO/NASA Astrophysics Data System}
}
@ARTICLE{Valenti1996,
   author = {{Valenti}, J.~A. and {Piskunov}, N.},
    title = "{Spectroscopy made easy: A new tool for fitting observations with synthetic spectra.}",
  journal = {\aaps},
 keywords = {RADIATIVE TRANSFER, METHODS: NUMERICAL, TECHNIQUES: SPECTROSCOPIC, STARS: FUNDAMENTAL PARAMETERS, SUN: FUNDAMENTAL PARAMETERS, ATOMIC DATA},
     year = 1996,
    month = sep,
   volume = 118,
    pages = {595-603},
   adsurl = {http://adsabs.harvard.edu/abs/1996A%26AS..118..595V},
  adsnote = {Provided by the SAO/NASA Astrophysics Data System}
}

@ARTICLE{2012MNRAS.420.1630P,
   author = {{P{\'a}l}, A.},
    title = "{Light-curve modelling for mutual transits}",
  journal = {\mnras},
archivePrefix = "arXiv",
   eprint = {1111.1741},
 primaryClass = "astro-ph.EP",
 keywords = {methods: analytical, techniques: photometric, celestial mechanics, binaries: eclipsing, planetary systems},
     year = 2012,
    month = feb,
   volume = 420,
    pages = {1630-1635},
      doi = {10.1111/j.1365-2966.2011.20151.x},
   adsurl = {http://adsabs.harvard.edu/abs/2012MNRAS.420.1630P},
  adsnote = {Provided by the SAO/NASA Astrophysics Data System}
}

@ARTICLE{TerBraak2005,
   author = {{Ter Braak}, C.~J.~F.},
    title = "{Genetic algorithms and Markov Chain Monte Carlo: Differential Evolution Markov Chain makes Bayesian computing easy (revised)}",
  journal = {Wageningen UR, Biometris},
     year = 2005,
   volume = 010404,
    pages = {556-}
}

@ARTICLE{ucac3,
   author = {{Zacharias}, N. and {Finch}, C. and {Girard}, T. and {Hambly}, N. and 
	{Wycoff}, G. and {Zacharias}, M.~I. and {Castillo}, D. and {Corbin}, T. and 
	{DiVittorio}, M. and {Dutta}, S. and {Gaume}, R. and {Gauss}, S. and 
	{Germain}, M. and {Hall}, D. and {Hartkopf}, W. and {Hsu}, D. and 
	{Holdenried}, E. and {Makarov}, V. and {Martinez}, M. and {Mason}, B. and 
	{Monet}, D. and {Rafferty}, T. and {Rhodes}, A. and {Siemers}, T. and 
	{Smith}, D. and {Tilleman}, T. and {Urban}, S. and {Wieder}, G. and 
	{Winter}, L. and {Young}, A.},
    title = "{The Third US Naval Observatory CCD Astrograph Catalog (UCAC3)}",
  journal = {\aj},
archivePrefix = "arXiv",
   eprint = {1003.2136},
 primaryClass = "astro-ph.IM",
 keywords = {astrometry, catalogs, reference systems, stars: kinematics and dynamics},
     year = 2010,
    month = jun,
   volume = 139,
    pages = {2184-2199},
      doi = {10.1088/0004-6256/139/6/2184},
   adsurl = {http://adsabs.harvard.edu/abs/2010AJ....139.2184Z},
  adsnote = {Provided by the SAO/NASA Astrophysics Data System}
}

